<record><leader>00000cas a2200000 a 4500</leader><controlfield tag="001">70151200</controlfield><controlfield tag="006">m     o  d        </controlfield><controlfield tag="007">cr anu||||||||</controlfield><controlfield tag="008">060621d18671875pauwr nso     0    0eng c</controlfield><datafield ind1=" " ind2=" " tag="010"><subfield code="a">  2008266636</subfield></datafield><datafield ind1=" " ind2=" " tag="040"><subfield code="a">APSON</subfield><subfield code="b">eng</subfield><subfield code="c">APSON</subfield><subfield code="d">APSON</subfield><subfield code="d">GUA</subfield><subfield code="d">OCLCQ</subfield><subfield code="d">OCLCF</subfield><subfield code="d">OCLCQ</subfield><subfield code="d">RCE</subfield><subfield code="d">OCL</subfield></datafield><datafield ind1=" " ind2=" " tag="042"><subfield code="a">pcc</subfield></datafield><datafield ind1=" " ind2=" " tag="043"><subfield code="a">n-us---</subfield></datafield><datafield ind1="1" ind2="4" tag="050"><subfield code="a">BX9551</subfield></datafield><datafield ind1="0" ind2=" " tag="130"><subfield code="a">Reformed Church messenger (Philadelphia, Pa. : 1867 : Online)</subfield></datafield><datafield ind1="1" ind2="0" tag="245"><subfield code="a">Reformed Church messenger /</subfield><subfield code="c">published under the direction of the Board of Publication of the Reformed Church in the United States.</subfield></datafield><datafield ind1=" " ind2=" " tag="260"><subfield code="a">Philadelphia, Pa. :</subfield><subfield code="b">S.R. Fisher &amp; Co.,</subfield><subfield code="c">1867-</subfield></datafield><datafield ind1=" " ind2=" " tag="310"><subfield code="a">Weekly</subfield></datafield><datafield ind1=" " ind2=" " tag="336"><subfield code="a">text</subfield><subfield code="b">txt</subfield><subfield code="2">rdacontent</subfield></datafield><datafield ind1=" " ind2=" " tag="337"><subfield code="a">computer</subfield><subfield code="b">c</subfield><subfield code="2">rdamedia</subfield></datafield><datafield ind1=" " ind2=" " tag="338"><subfield code="a">online resource</subfield><subfield code="b">cr</subfield><subfield code="2">rdacarrier</subfield></datafield><datafield ind1="0" ind2=" " tag="362"><subfield code="a">New ser., v. 33, no. 1 (Sept. 4, 1867) = whole no. 1658-</subfield></datafield><datafield ind1="1" ind2=" " tag="362"><subfield code="a">Ceased with new ser., v. 41, no. 52 (Dec. 29, 1875) = whole no. 2090.</subfield></datafield><datafield ind1=" " ind2=" " tag="500"><subfield code="a">Title from pdf caption (ProQuest APS Online, viewed July 30, 2008).</subfield></datafield><datafield ind1=" " ind2=" " tag="530"><subfield code="a">Also issued in print and on microfilm.</subfield></datafield><datafield ind1=" " ind2=" " tag="538"><subfield code="a">Mode of access: World Wide Web.</subfield></datafield><datafield ind1=" " ind2=" " tag="588"><subfield code="a">Latest issue consulted: New ser., v. 40, no. 52 (Dec. 30, 1874) = whole no. 2038, viewed July 30, 2008.</subfield></datafield><datafield ind1="2" ind2="0" tag="610"><subfield code="a">Reformed Church in the United States</subfield><subfield code="v">Newspapers.</subfield></datafield><datafield ind1="2" ind2="7" tag="610"><subfield code="a">Reformed Church in the United States.</subfield><subfield code="2">fast</subfield><subfield code="0">(OCoLC)fst00529476</subfield></datafield><datafield ind1=" " ind2="7" tag="655"><subfield code="a">Periodicals.</subfield><subfield code="2">fast</subfield><subfield code="0">(OCoLC)fst01411641</subfield></datafield><datafield ind1=" " ind2="7" tag="655"><subfield code="a">Newspapers.</subfield><subfield code="2">fast</subfield><subfield code="0">(OCoLC)fst01423814</subfield></datafield><datafield ind1=" " ind2="7" tag="655"><subfield code="a">Electronic journals.</subfield><subfield code="2">lcgft</subfield></datafield><datafield ind1="2" ind2=" " tag="710"><subfield code="a">Reformed Church in the United States.</subfield><subfield code="b">Board of Publication.</subfield></datafield><datafield ind1=" " ind2=" " tag="752"><subfield code="a">United States</subfield><subfield code="b">Pennsylvania</subfield><subfield code="d">Philadelphia.</subfield></datafield><datafield ind1="1" ind2=" " tag="776"><subfield code="t">Reformed Church messenger (Philadelphia, Pa. : 1867)</subfield><subfield code="w">(DLC)sn 97016137</subfield><subfield code="w">(OCoLC)37649351</subfield></datafield><datafield ind1="0" ind2="0" tag="780"><subfield code="t">German reformed messenger (Online)</subfield><subfield code="w">(DLC)  2008266635</subfield><subfield code="w">(OCoLC)64773060</subfield></datafield><datafield ind1="0" ind2="0" tag="785"><subfield code="t">Messenger (Philadelphia, Pa. : Online)</subfield><subfield code="w">(DLC)  2008266637</subfield><subfield code="w">(OCoLC)70151299</subfield></datafield><datafield ind1="4" ind2="0" tag="856"><subfield code="u">http://proquest.umi.com/pdqweb</subfield></datafield></record>